@inproceedings{DeanG04,
	author    = {Jeffrey Dean and
	Sanjay Ghemawat},
	title     = {MapReduce: Simplified Data Processing on Large Clusters},
	booktitle = {Proceedings of the 6th Symposium on Operating System Design and Implementation {(OSDI)}},
	pages     = {137--150},
	year      = {2004}
}


@article{mapreduce,
	author    = {Jeffrey Dean and
	Sanjay Ghemawat},
	title     = {MapReduce: simplified data processing on large clusters},
	journal   = {{ACM} Communication},
	volume    = {51},
	number    = {1},
	pages     = {107--113},
	year      = {2008}
}


@article{DengHZHD15,
  author    = {Ze Deng and
               Yangyang Hu and
               Mao Zhu and
               Xiaohui Huang and
               Bo Du},
  title     = {A scalable and fast {OPTICS} for clustering trajectory big data},
  journal   = {Cluster Computing},
  volume    = {18},
  number    = {2},
  pages     = {549--562},
  year      = {2015}
}

@article{CostaMM14,
	author    = {Gianni Costa and
	Giuseppe Manco and
	Elio Masciari},
	title     = {Dealing with trajectory streams by clustering and mathematical transforms},
	journal   = {Journal of Intelligent Information Systems,},
	volume    = {42},
	number    = {1},
	pages     = {155--177},
	year      = {2014}
}



@article{YuWWWH13,
	author    = {Yanwei Yu and
	Qin Wang and
	Xiaodong Wang and
	Huan Wang and
	Jie He},
	title     = {Online clustering for trajectory data stream of moving objects},
	journal   = {Computer Science and Information Systems},
	volume    = {10},
	number    = {3},
	pages     = {1293--1317},
	year      = {2013}
}

@inproceedings{MaoSJZZ16,
	author    = {Jiali Mao and
	Qiuge Song and
	Cheqing Jin and
	Zhigang Zhang and
	Aoying Zhou},
	title     = {TSCluWin: Trajectory Stream Clustering over Sliding Window},
	booktitle = {Proceedings of the 21st International Conference onDatabase Systems for Advanced Applications {(DASFAA)}, Part {II}},
	pages     = {133--148},
	year      = {2016}
}

@inproceedings{TrajSpark,
	author    = {Zhigang Zhang and
	Cheqing Jin and
	Jiali Mao and
	Xiaolin Yang and
	Aoying Zhou},
	title     = {TrajSpark: {A} Scalable and Efficient In-Memory Management System
	for Big Trajectory Data},
	booktitle = {Proceedings of the First International APWeb-WAIM Joint Conference on Web and Big Data, Part {I}},
	pages     = {11--26},
	year      = {2017}
}

@article{trajectoryVLDB,
	author    = {Dong Xie and
	Feifei Li and
	Jeff M. Phillips},
	title     = {Distributed Trajectory Similarity Search},
	journal   = {Proceedings of the 43rd International Conference on Very Large Data Bases	{(PVLDB)}},
	volume    = {10},
	number    = {11},
	pages     = {1478--1489},
	year      = {2017}
}

@inproceedings{TanLN12,
	author    = {Haoyu Tan and
	Wuman Luo and
	Lionel M. Ni},
	title     = {CloST: a hadoop-based storage system for big spatio-temporal data
	analytics},
	booktitle = {Proceedings of the 23rd {ACM} International Conference on Conference	on Information and Knowledge Management{(CIKM)}},
	pages     = {2139--2143},
	year      = {2012}
}

@inproceedings{SharkDB,
	author    = {Haozhou Wang and
	Kai Zheng and
	Jiajie Xu and
	Bolong Zheng and
	Xiaofang Zhou and
	Shazia Wasim Sadiq},
	title     = {SharkDB: An In-Memory Column-Oriented Trajectory Storage},
	booktitle = {Proceedings of the 23rd {ACM} International Conference on Conference on Information and Knowledge Management, {CIKM}},
	pages     = {1409--1418},
	year      = {2014}
}

@inproceedings{NehmeR06,
	author    = {Rimma V. Nehme and
	Elke A. Rundensteiner},
	title     = {{SCUBA:} Scalable Cluster-Based Algorithm for Evaluating Continuous
	Spatio-temporal Queries on Moving Objects},
	booktitle = {Proceedings of the 10th International Conference on Extending Database Technology {(EDBT)} },
	pages     = {1001--1019},
	year      = {2006}
}



@inproceedings{SacharidisPTKPMS08,
	author    = {Dimitris Sacharidis and
	Kostas Patroumpas and
	Manolis Terrovitis and
	Verena Kantere and
	Michalis Potamias and
	Kyriakos Mouratidis and
	Timos K. Sellis},
	title     = {On-line discovery of hot motion paths},
	booktitle = {Proceedings of the 11th International Conference on Extending Database Technology {(EDBT)}},
	pages     = {392--403},
	year      = {2008}
}


@inproceedings{SacharidisSS14,
	author    = {Dimitris Sacharidis and
	Dimitrios Skoutas and
	Georgios Skoumas},
	title     = {Continuous monitoring of nearest trajectories},
	booktitle = {Proceedings of the 22nd {ACM} International Conference on Advances in Geographic Information Systems {(SIGSPATIAL)}   },
	pages     = {361--370},
	year      = {2014}
}

@inproceedings{ZhengZYS13,
	author    = {Kai Zheng and
	Yu Zheng and
	Nicholas Jing Yuan and
	Shuo Shang},
	title     = {On discovery of gathering patterns from trajectories},
	booktitle = {Proceedings of the  29th {IEEE}  International Conference on Data Engineering {(ICDE)}},
	pages     = {242--253},
	year      = {2013}
}

@inproceedings{TangZYHLHP12,
	author    = {Lu An Tang and
	Yu Zheng and
	Jing Yuan and
	Jiawei Han and
	Alice Leung and
	Chih{-}Chieh Hung and
	Wen{-}Chih Peng},
	title     = {On Discovery of Traveling Companions from Streaming Trajectories},
	booktitle = {Proceedings of the 28th {IEEE}  International Conference on Data Engineering {(ICDE)}},
	pages     = {186--197},
	year      = {2012}
}

@article{LiCJT13,
	author    = {Xiaohui Li and
	Vaida Ceikute and
	Christian S. Jensen and
	Kian{-}Lee Tan},
	title     = {Effective Online Group Discovery in Trajectory Databases},
	journal   = {{IEEE} Transaction on Knowledge and Data Engineering (TKDE)},
	volume    = {25},
	number    = {12},
	year      = {2013},
	pages     = {2752--2766}
}


@inproceedings{DuanJWZY16,
	author    = {Xiaoyi Duan and
	Cheqing Jin and
	Xiaoling Wang and
	Aoying Zhou and
	Kun Yue},
	title     = {Real-Time Personalized Taxi-Sharing},
	booktitle = {Proceedings of the 21st International Conference onDatabase Systems for Advanced Applications {(DASFAA)}, Part {II}},
	pages     = {451--465},
	year      = {2016}
}

@inproceedings{DTKST,
	author    = {Zhigang Zhang and
	Yilin Wang and
	Jiali Mao and
	Shaojie Qiao and
	Cheqing Jin and
	Aoying Zhou},
	title     = {{DT-KST:} Distributed Top-k Similarity Query on Big Trajectory Streams},
	booktitle = {Proceedings of the 22nd International Conference onDatabase Systems for Advanced Applications {(DASFAA)}, Part{I}},
	pages     = {199--214},
	year      = {2017}
}


@inproceedings{bandwidth,
	title={Bandwidth-efficient distributed k-nearest-neighbor search with dynamic time warping},
	author={Hsu, Chin-Chi and Kung, Perng-Hwa and Yeh, Mi-Yen and Lin, Shou-De and Gibbons, Phillip B},
	booktitle={Proceedings of the 2015 International Conference on Big Data{(ICBD)}},
	pages={551--560},
	year={2015},
	organization={IEEE}
}

@article{crowdsourced,
	title={Crowdsourced trace similarity with smartphones},
	author={Zeinalipour-Yazti, Demetrios and Laoudias, Christos and Costa, Constandinos and Vlachos, Michail and Andreou, Maria I and Gunopulos, Dimitrios},
	journal={{IEEE} Transaction on Knowledge and Data Engineering (TKDE)},
	volume={25},
	number={6},
	pages={1240--1253},
	year={2013},
	publisher={IEEE}
}


@inproceedings{SmartTrace,
	author    = {Costandinos Costa and
	Christos Laoudias and
	Demetrios Zeinalipour{-}Yazti and
	Dimitrios Gunopulos},
	title     = {SmartTrace: Finding similar trajectories in smartphone networks without
	disclosing the traces},
	booktitle = {Proceedings of the 27th {IEEE}  International Conference on Data Engineering {(ICDE)}},
	pages     = {1288--1291},
	year      = {2011},
}

@inproceedings{ERP,
	author    = {Lei Chen and
	Raymond T. Ng},
	title     = {On The Marriage of Lp-norms and Edit Distance},
	booktitle = {Proceedings of the 30th International Conference on Very Large{(VLDB)}},
	pages     = {792--803},
	year      = {2004}
}

@inproceedings{ZhuLYZHZ10,
	author    = {Haohan Zhu and
	Jun Luo and
	Hang Yin and
	Xiaotao Zhou and
	Joshua Zhexue Huang and
	F. Benjamin Zhan},
	title     = {Mining Trajectory Corridors Using Frechet Distance and	Meshing Grids},
	booktitle = {Proceedings of the 14th Pacific-Asia Advances in Knowledge Discovery and Data Mining {(PAKDD)}},
	pages     = {228--237},
	year      = {2010}
}

@article{Guo2017,
	title={An Efficient Query Algorithm for Trajectory Similarity Based on Frechet Distance Threshold},
	author={Guo, Ning and Ma, Mengyu and Xiong, Wei and Chen, Luo and Jing, Ning},
	journal={International Journal of Geo-Information},
	volume={6},
	number={11},
	pages={326},
	year={2017},
}

@article{LinS08,
	author    = {Bin Lin and
	Jianwen Su},
	title     = {One Way Distance: For Shape Based Similarity Search of Moving Object
	Trajectories},
	journal   = {GeoInformatica},
	volume    = {12},
	number    = {2},
	pages     = {117--142},
	year      = {2008}
}

@inproceedings{Liu012,
	author    = {Hechen Liu and
	Markus Schneider},
	title     = {Similarity measurement of moving object trajectories},
	booktitle = {Proceedings of the 2012 {ACM}  International Workshop on GeoStreaming {(SIGSPATIAL)}},
	pages     = {19--22},
	year      = {2012}
}

@article{ZhaoX11,
	author    = {Xiuli Zhao and
	Weixiang Xu},
	title     = {A New Measurement Method to Calculate Similarity of Moving Object
	Spatio-Temporal Trajectories by Compact Representation},
	journal   = {International Journal of Computational Intelligence Systems},
	volume    = {4},
	number    = {6},
	pages     = {1140--1147},
	year      = {2011}
}

@inproceedings{ZhengYZXSZ15,
	author    = {Bolong Zheng and
	Nicholas Jing Yuan and
	Kai Zheng and
	Xing Xie and
	Shazia Wasim Sadiq and
	Xiaofang Zhou},
	title     = {Approximate keyword search in semantic trajectory database},
	booktitle = {Proceedings of the  31st {IEEE}  International Conference on Data Engineering {(ICDE)}},
	pages     = {975--986},
	year      = {2015}
}

@inproceedings{Magdy2016Review,
	title={Review on trajectory similarity measures},
	author={Magdy Nehal and 
	Sakr Mahmoud A. and
	 Mostafa, Tamer and 
	 El-Bahnasy, Khaled},
	booktitle={Proceedings of the 7th IEEE  International Conference on Intelligent Computing and Information Systems},
	pages     = {613--619},
	year={2016},
}

@inproceedings{Xiao,
	author = {Xiao Xiangye and Zheng Yu and Luo  Qiong and Xie Xing},
	title = {Finding Similar Users Using Category-based Location History},
	booktitle = {Proceedings of the 18th  International Conference on Advances in Geographic Information Systems{(SIGSPATIAL)}},
	year = {2010},
	pages = {442--445}
} 

@inproceedings{Kaiser,
	author    = {Kai Zheng and
	Shuo Shang and
	Nicholas Jing Yuan and
	Yi Yang},
	title     = {Towards efficient search for activity trajectories},
	booktitle = {Proceedings of the  {IEEE} 29th International Conference on Data Engineering {(ICDE)}},
	pages     = {230--241},
	year      = {2013}
}

@inproceedings{ShangDYXZK12,
	author    = {Shuo Shang and
	Ruogu Ding and
	Bo Yuan and
	Kexin Xie and
	Kai Zheng and
	Panos Kalnis},
	title     = {User oriented trajectory search for trip recommendation},
	booktitle = {Proceedings of the  15th International Conference on Extending Database Technology, {(EDBT)}},
	pages     = {156--167},
	year      = {2012}
}

@inproceedings{EDR,
	title={Robust and fast similarity search for moving object trajectories},
	author={Chen, Lei and Ozsu, M Tamer and Oria, Vincent},
	booktitle={Proceedings of the 2005 {ACM}  International Conference on	Management of Data {(SIGMOD)}},
	pages={491--502},
	year={2005},
	organization={ACM}
}

@article{TooheyD15,
	author    = {Kevin Toohey and	Matt Duckham},
	title     = {Trajectory similarity measures},
	journal   = {Proceedings of the 2015 {ACM}  International Workshop on GeoStreaming {(SIGSPATIAL)}},
	volume    = {7},
	number    = {1},
	pages     = {43--50},
	year      = {2015}
}

@inproceedings{setSimilar,
	title = {Efficient parallel set-similarity joins using MapReduce},
	author={Vernica, Rares and Carey, Michael J and Li, Chen},
	booktitle={Proceedings of the 2010   {ACM}  International Conference on	Management of Data {(SIGMOD)}},
	pages={495--506},
	year={2010},
	organization={ACM}
}


@inproceedings{kimICDE2012,
	title={Parallel top-k similarity join algorithms using MapReduce},
	author={Kim, Younghoon and Shim, Kyuseok},
	booktitle={Proceedings of the  {IEEE} 28th International Conference on Data Engineering {(ICDE)} },
	pages={510--521},
	year={2012},
	organization={IEEE}
}

@inproceedings{CIKMSimilarity,
	author    = {Demetrios Zeinalipour{-}Yazti and
	Song Lin and
	Dimitrios Gunopulos},
	title     = {Distributed spatio-temporal similarity search},
	booktitle = {Proceedings of the  15th ACM International Conference on Information and Knowledge Management (CIKM)},
	pages     = {14--23},
	year      = {2006}
}


@article{DPSpeeding,
	title={Speeding Up the Douglas-Peucker Line-Simplification Algorithm},
	author={Hershberger, John and Snoeyink, Jack},
	journal={ Proceedings of International Symposium on Spatial Data Handling},
	pages={134--143},
	year={1992},
}

@inproceedings{MeratniaB04,
	author    = {Nirvana Meratnia and
	Rolf A. de By},
	title     = {Spatiotemporal Compression Techniques for Moving Point Objects},
	booktitle = { Proceedings of the 9th International Conference on Extending Database Technology {(EDBT)}},
	pages     = {765--782},
	year      = {2004}
}

@inproceedings{LiuZSSKJ15,
	author    = {Jiajun Liu and Kun Zhao and Philipp Sommer and Shuo Shang and Brano Kusy and Raja Jurdak},
	title     = {Bounded Quadrant System: Error-bounded trajectory compression on the	go},
	booktitle = {Proceedings of the 31st {IEEE} International Conference on Data Engineering {(ICDE)}},
	pages     = {987--998},
	year      = {2015}
}

@inproceedings{YinW04,
	author    = {Huabei Yin and
	Ouri Wolfson},
	title     = {A Weight-based Map Matching Method in Moving Objects Databases},
	booktitle = {Proceedings of the 16th International Conference on Scientific and
	Statistical Database Management {(SSDBM})},
	pages     = {437--438},
	year      = {2004}
}


@InProceedings{nonmaterialized,
	author={Lerin, Pablo Martinez
	and Yamamoto, Daisuke
	and Takahashi, Naohisa},
	title={Encoding Travel Traces by Using Road Networks and Routing Algorithms},
	booktitle={Intelligent Interactive Multimedia: Systems and Services},
	year={2012},
	pages={233--243}
}



@inproceedings{DMDL2,
	author    = {Georgios Kellaris and
	Nikos Pelekis and
	Yannis Theodoridis},
	title     = {Trajectory Compression under Network Constraints},
	booktitle = { Proceedings of the 11th International Symposium on Advances in Spatial and Temporal Databases{(SSTD)}},
	pages     = {392--398},
	year      = {2009}
}

@article{MDL1,
	title={Map-matched trajectory compression},
	author={Kellaris, Georgios and Pelekis, Nikos and Theodoridis, Yannis},
	journal={Journal of Systems and Software},
	volume={86},
	number={6},
	pages={1566--1579},
	year={2013}
}

@article{hufmmanCompres,
	author    = {Renchu Song and
	Weiwei Sun and
	Baihua Zheng and
	Yu Zheng},
	title     = {{PRESS:} {A} Novel Framework of Trajectory Compression in Road Networks},
	journal   = {Procedings of the 40th International Conference on Very Large Data Bases{(PVLDB)}},
	volume    = {7},
	number    = {9},
	pages     = {661--672},
	year      = {2014}
}

@inproceedings{Sementick,
	author    = {Falko Schmid and
	Kai{-}Florian Richter and
	Patrick Laube},
	title     = {Semantic Trajectory Compression},
	booktitle = {Proceedings of the 11th International Symposium on Advances in Spatial and Temporal Databases{(SSTD)}},
	pages     = {411--416},
	year      = {2009}
}

@article{RichterSL12,
	author    = {Kai{-}Florian Richter and
	Falko Schmid and
	Patrick Laube},
	title     = {Semantic trajectory compression: Representing urban movement in anutshell},
	journal   = {Journal of Spatial Information Science},
	volume    = {4},
	number    = {1},
	pages     = {3--30},
	year      = {2012}
}

@article{STMaker,
	author    = {Han Su and
	Kai Zheng and
	Kai Zeng and
	Jiamin Huang and
	Xiaofang Zhou},
	title     = {STMaker - {A} System to Make Sense of Trajectory Data},
	journal   = {Procedings of the 40th International Conference on Very Large Data Bases{(PVLDB)}},
	volume    = {7},
	number    = {13},
	pages     = {1701--1704},
	year      = {2014}
}

@inproceedings{Makesense,
	author    = {Han Su and
	Kai Zheng and
	Kai Zeng and
	Jiamin Huang and
	Shazia Wasim Sadiq and
	Nicholas Jing Yuan and
	Xiaofang Zhou},
	title     = {Making sense of trajectory data: {A} partition-and-summarization approach},
	booktitle = {Proceedings of the 31st {IEEE} International Conference on Data Engineering {(ICDE)} },
	pages     = {963--974},
	year      = {2015}
}

@inproceedings{DFT,
	title={Efficient Similarity Search In Sequence Databases},
	author={Agrawal, Rakesh and Faloutsos, Christos and Swami, Arun N.},
	booktitle={Proceedings of International Conference on Foundations of Data Organization and Algorithms},
	pages={69-84},
	year={1993},
}


@article{fastDFT,
	title={Fast subsequence matching in time-series databases},
	author={Faloutsos, Christos and Ranganathan, M and Manolopoulos, Yannis},
	journal={Proceedings of the 1994 {ACM}  International Conference on	Management of Data {(SIGMOD)}},
	volume={23},
	number={2},
	pages={419--429},
	year={1994}
}

@inproceedings{rafiei1999on,
	title={On similarity-based queries for time series data},
	author={Rafiei, Davood},
	booktitle={Proceedings of the {IEEE} 15th International Conference on Data Engineering {(ICDE)}},
	pages={410--417},
	year={1999}
}

@article{rafiei1997similarity,
	title={Similarity-based queries for time series data},
	author={Rafiei, Davood and Mendelzon, Alberto O},
	journal={Proceedings of the 1997  {ACM}  International Conference on Management of Data {(SIGMOD)}},
	volume={26},
	number={2},
	pages={13--25},
	year={1997}
}

@book{Shatkay1995The,
	title={The Fourier Transform - A Primer},
	author={Shatkay, Hagit},
	publisher={Brown University},
	pages={186--195},
	address={Providence, Rhode Island 02912, USA},
	year={1995},
}

@inproceedings{Skoumas,
	author = {Skoumas Georgios and 
	Skoutas Dimitrios and Vlachaki Alexandra},
	title = {Efficient Identification and Approximation of K-nearest Moving Neighbors},
	booktitle = {Proceedings of the 21st ACM  International Conference on Advances in Geographic Information Systems{(SIGSPATIAL)}},
	year = {2013},
	pages = {264--273}
} 

@inproceedings{Pelekis,
	author = {Pelekis Nikos and 
	Kopanakis Ioannis and 
	Marketos Gerasimos and 
	Ntoutsi Irene and 
	Andrienko Gennady and 
	Theodoridis Yannis},
	title = {Similarity Search in Trajectory Databases},
	booktitle = {Proceedings of the 14th International Symposium on Temporal Representation and Reasoning},
	year = {2007},
	pages = {129--140}
} 

@inproceedings{AgrawalFS93,
	author    = {Rakesh Agrawal and
	Christos Faloutsos and
	Arun N. Swami},
	title     = {Efficient Similarity Search In Sequence Databases},
	booktitle = {Proceedings of the 4th International Conference  on Foundations of Data Organization and Algorithms {(FODO)}},
	pages     = {69--84},
	year      = {1993}
}

@article{RafieiM02,
	author    = {Davood Rafiei and
	Alberto O. Mendelzon},
	title     = {Efficient retrieval of similar shapes},
	journal   = {{VLDB} Journal},
	volume    = {11},
	number    = {1},
	pages     = {17--27},
	year      = {2002}
}

@article{KeoghDimReduction,
	author    = {Eamonn J. Keogh and
	Kaushik Chakrabarti and
	Michael J. Pazzani and
	Sharad Mehrotra},
	title     = {Dimensionality Reduction for Fast Similarity Search in Large Time Series Databases},
	journal   = {Knowledge and Information System (KIS)},
	volume    = {3},
	number    = {3},
	pages     = {263--286},
	year      = {2001}
}

@article{chan2003haar,
	title={Haar wavelets for efficient similarity search of time-series: with and without time warping},
	author={Chan, FK-P and Fu, AW-C and Yu, Clement},
	journal={{IEEE} Transaction on Knowledge and Data Engineering (TKDE)},
	volume={15},
	number={3},
	pages={686--705},
	year={2003}
}


@article{Reservoir,
author    = {Jeffrey Scott Vitter},
title     = {Random Sampling with a Reservoir},
journal   = {{ACM} Transactions on Mathematical Software (TOMS)},
volume    = {11},
number    = {1},
pages     = {37--57},
year      = {1985}
}

@inproceedings{ICDMSiding,
author    = {Eamonn J. Keogh and
Selina Chu and
David M. Hart and
Michael J. Pazzani},
title     = {An Online Algorithm for Segmenting Time Series},
booktitle = {Proceedings of the 2001 {IEEE} International Conference on Data Mining {(ICDM)}},
pages     = {289--296},
year      = {2001}
}

@inproceedings{EDBTSliding,
author    = {Nirvana Meratnia and Rolf A. de By},
title     = {Spatiotemporal Compression Techniques for Moving Point Objects},
booktitle = { Proceedings of the 2004 International Conference on Extending Database Technology {(EDBT)} },
pages     = {765--782},
year      = {2004}
}

@inproceedings{SSDBMSample,
author    = {Michalis Potamias and
	Kostas Patroumpas and
	Timos K. Sellis},
	title     = {Sampling Trajectory Streams with Spatiotemporal Criteria},
booktitle = { Proceedings of the 18th International Conference on Scientific and Statistical Database Management {(SSDBM)}},
pages     = {275--284},
year      = {2006}
}

@book{Zheng2011Computing,
title={Computing with spatial trajectories},
author={Zheng, Yu},
publisher={Springer},
address={New York,USA},
pages ={16},
year={2011},
}

@article{jiang,
	title={轨迹数据压缩综述},
	author={江俊文 and 王晓玲},
	journal={华东师范大学学报(自然科学版)},
	number={5},
	pages={61-76},
	year={2015}
}

@article{Zhao1997LINEAR,
	title={Linear-time Sleeve-fitting Polyline Simplification Algorithms},
	author={Zhao, Z. and Saalfeld, A.},
	journal={Proceedings of Autocarto},
	year={1997},
}

@article{Zheng15,
	author    = {Yu Zheng},
	title     = {Trajectory Data Mining: An Overview},
	journal   = {{ACM} {TIST}},
	volume    = {6},
	number    = {3},
	pages     = {29:1--29:41},
	year      = {2015}
}


@article{PapadopoulosM01,
	author    = {Apostolos Papadopoulos and
	Yannis Manolopoulos},
	title     = {Distributed Processing of Similarity Queries},
	journal   = {Distributed and Parallel Databases},
	volume    = {9},
	number    = {1},
	pages     = {67--92},
	year      = {2001}
}

@article{Ma2013KSQ,
	title={KSQ: Top-$k$ Similarity Query on Uncertain Trajectories},
	author={Ma Chunyang and 
	Lu Hua and
	 Shou Lidan and 
	 Chen Gang},
	journal={{IEEE} Transaction on Knowledge and Data Engineering (TKDE)},
	volume={25},
	number={9},
	pages={2049-2062},
	year={2013},
}

@inproceedings{BakalovT06,
	author    = {Petko Bakalov and
	Vassilis J. Tsotras},
	title     = {Continuous Spatiotemporal Trajectory Joins},
	booktitle = {Proceedings of the Second International Conference on GeoSensor Networks {(GSN)}},
	pages     = {109--128},
	year      = {2006}
}

@inproceedings{TrajcevskiTDSC09,
	author    = {Goce Trajcevski and
	Roberto Tamassia and
	Hui Ding and
	Peter Scheuermann and
	Isabel F. Cruz},
	title     = {Continuous probabilistic nearest-neighbor queries for uncertain trajectories},
	booktitle = {Proceedings of the 12th International Conference on Extending Database Technology {(EDBT)}},
	pages     = {874--885},
	year      = {2009}
}

@article{XieMCDJ16,
	author    = {Xike Xie and
	Benjin Mei and
	Jinchuan Chen and
	Xiaoyong Du and
	Christian S. Jensen},
	title     = {Elite: an elastic infrastructure for big spatiotemporal trajectories},
	journal   = {{VLDB} Journal},
	volume    = {25},
	number    = {4},
	pages     = {473--493},
	year      = {2016}
}


@inproceedings{LianCY08,
	author    = {Xiang Lian and
	Lei Chen and
	Jeffrey Xu Yu},
	title     = {Pattern Matching over Cloaked Time Series},
	booktitle = {Proceedings of the 24th International Conference on Data Engineering {(ICDE)}},
	pages     = {1462--1464},
	year      = {2008}
}

@inproceedings{YehWYC09,
	author    = {Mi{-}Yen Yeh and
	Kun{-}Lung Wu and
	Philip S. Yu and
	Ming{-}Syan Chen},
	title     = {{PROUD:} a probabilistic approach to processing similarity queries
	over uncertain data streams},
	booktitle = {Proceedings of the 12th International Conference on Extending Database Technology {(EDBT)} },
	pages     = {684--695},
	year      = {2009}
}

@article{FrentzosGPT07,
	author    = {Elias Frentzos and
	Kostas Gratsias and
	Nikos Pelekis and
	Yannis Theodoridis},
	title     = {Algorithms for Nearest Neighbor Search on Moving Object Trajectories},
	journal   = {GeoInformatica},
	volume    = {11},
	number    = {2},
	pages     = {159--193},
	year      = {2007}
}

@article{GutingBX10,
	author    = {Ralf Hartmut G{\"{u}}ting and
	Thomas Behr and
	Jianqiu Xu},
	title     = {Efficient k-nearest neighbor search on moving object trajectories},
	journal   = {{VLDB} Journal},
	volume    = {19},
	number    = {5},
	pages     = {687--714},
	year      = {2010}
}

@inproceedings{KolliosGT99,
	author    = {George Kollios and
	Dimitrios Gunopulos and
	Vassilis J. Tsotras},
	title     = {Nearest Neighbor Queries in a Mobile Environment},
	booktitle = {Proceedings of the International Workshop on Spatio-Temporal Database Management {(STDBM)}},
	pages     = {119--134},
	year      = {1999}
}

@article{Trajcevski2011,
	title={Ranking continuous nearest neighbors for uncertain trajectories},
	author={Trajcevski Goce and 
	Tamassia Roberto and 
	Cruz Isabel F and 
	Scheuermann Peter and
	 Hartglass David and
	  Zamierowski Christopher},
	journal={VLDB Journal},
	volume={20},
	number={5},
	pages={767-791},
	year={2011},
}

@inproceedings{LiLSF11,
	author    = {Guohui Li and
	Yanhong Li and
	LihChyun Shu and
	Ping Fan},
	title     = {CkNN Query Processing over Moving Objects with Uncertain Speeds in	Road Networks},
	booktitle = {Proceedings of the 13th Asia-Pacific Web Conference on Web Technologies and Applications{(APWeb)}},
	pages     = {65--76},
	year      = {2011}
}



@article{BoteaMNS08,
	author    = {Viorica Botea and
	Daniel Mallett and
	Mario A. Nascimento and
	J{\"{o}}rg Sander},
	title     = {{PIST:} An Efficient and Practical Indexing Technique for Historical
	Spatio-Temporal Point Data},
	journal   = {GeoInformatica},
	volume    = {12},
	number    = {2},
	pages     = {143--168},
	year      = {2008}
}

@inproceedings{ChakkaEP03,
	title={Indexing large trajectory data sets with SETI},
	author    = {V. Prasad Chakka and
	Adam Everspaugh and
	Jignesh M. Patel},
		booktitle = {Proceedings of the  First Biennial Conference on Innovative Data Systems CIDR},
	volume={1001},
	number={48109-2122},
	pages={12},
	year={2003}
}



@inproceedings{Cudre-MaurouxWM10,
	author    = {Philippe Cudr{\'{e}}{-}Mauroux and
	Eugene Wu and
	Samuel Madden},
	title     = {TrajStore: An adaptive storage system for very large trajectory data sets},
	booktitle = {Proceedings of the  26th {IEEE}  International Conference on Data Engineering {(ICDE)} },
	pages     = {109--120},
	year      = {2010}
}

@inproceedings{WangZZS15,
	author    = {Haozhou Wang and
	Kai Zheng and
	Xiaofang Zhou and
	Shazia Wasim Sadiq},
	title     = {SharkDB: An In-Memory Storage System for Massive Trajectory Data},
	booktitle = {Proceedings of the 2015  {ACM}  International Conference on Management of Data {(SIGMOD)} },
	pages     = {1099--1104},
	year      = {2015}
}

@inproceedings{WangZXZZS14,
	author    = {Haozhou Wang and
	Kai Zheng and
	Jiajie Xu and
	Bolong Zheng and
	Xiaofang Zhou and
	Shazia Wasim Sadiq},
	title     = {SharkDB: An In-Memory Column-Oriented Trajectory Storage},
	booktitle = {Proceedings of the 23rd {ACM} International Conference on Conference on Information and Knowledge Management {(CIKM)} },
	pages     = {1409--1418},
	year      = {2014}
}

@article{ZhengWZSLS18,
	author    = {Bolong Zheng and
	Haozhou Wang and
	Kai Zheng and
	Han Su and
	Kuien Liu and
	Shuo Shang},
	title     = {SharkDB: an in-memory column-oriented storage for trajectory analysis},
	journal   = {World Wide Web},
	volume    = {21},
	number    = {2},
	pages     = {455--485},
	year      = {2018}
}


@inproceedings{MaYQZ09,
	author    = {Qiang Ma and
	Bin Yang and
	Weining Qian and
	Aoying Zhou},
	title     = {Query processing of massive trajectory data based on mapreduce},
	booktitle = {Proceedings of the First International {CIKM} Workshop on Cloud DataManagement {(CloudDb)}},
	pages     = {9--16},
	year      = {2009}
}

@inproceedings{YangMQZ09,
	author    = {Bin Yang and
	Qiang Ma and
	Weining Qian and
	Aoying Zhou},
	title     = {{TRUSTER:} TRajectory Data Processing on ClUSTERs},
	booktitle = { Proceedings of the 14th International Conference Database Systems for Advanced Applications{(DASFAA)}},
	pages     = {768--771},
	year      = {2009}
}


@inproceedings{SpatialHadoop,
	author    = {Ahmed Eldawy and
	Mohamed F. Mokbel},
	title     = {SpatialHadoop: {A} MapReduce framework for spatial data},
	booktitle = {Proceedings of the  31st {IEEE}  International Conference on Data Engineering {(ICDE)}},
	pages     = {1352--1363},
	year      = {2015}
}

@article{AlyMHAOEQ15,
	author    = {Ahmed M. Aly and
	Ahmed R. Mahmood and
	Mohamed S. Hassan and
	Walid G. Aref and
	Mourad Ouzzani and
	Hazem Elmeleegy and
	Thamir Qadah},
	title     = {{AQWA:} Adaptive Query-Workload-Aware Partitioning of Big Spatial	Data},
	journal   = {Procedings of the 41st International Conference on Very Large Data Bases{(PVLDB)}},
	volume    = {8},
	number    = {13},
	pages     = {2062--2073},
	year      = {2015}
}

@article{AjiWVLL0S13,
	author    = {Ablimit Aji and
	Fusheng Wang and
	Hoang Vo and
	Rubao Lee and
	Qiaoling Liu and
	Xiaodong Zhang and
	Joel H. Saltz},
	title     = {Hadoop-GIS: {A} High Performance Spatial Data Warehousing System over	MapReduce},
	journal   = {Procedings of the 39th International Conference on Very Large Data Bases{(PVLDB)}},
	volume    = {6},
	number    = {11},
	pages     = {1009--1020},
	year      = {2013}
}


@inproceedings{LuG12,
	author    = {Jiamin Lu and
	Ralf Hartmut G{\"{u}}ting},
	title     = {Parallel Secondo: Boosting Database Engines with Hadoop},
	booktitle = {Proceedings of the 18th {IEEE} International Conference on Parallel and Distributed Systems{(ICPADS)}},
	pages     = {738--743},
	year      = {2012}
}

@inproceedings{RHBase,
	author    = {Shan Huang and
	Botao Wang and
	Jingyang Zhu and
	Guoren Wang and
	Ge Yu},
	title     = {R-HBase: {A} Multi-dimensional Indexing Framework for Cloud Computing Environment},
	booktitle = {Proceedings of the 2001 {IEEE} International Conference on Data Mining {(ICDM)}},
	pages     = {569--574},
	year      = {2014}
}

@article{MDHBase,
	author    = {Shoji Nishimura and
	Sudipto Das and
	Divyakant Agrawal and
	Amr {El Abbadi}},
	title     = {{MD}-HBase: design and implementation of an elastic data infrastructure for cloud-scale location services},
	journal   = {Distributed and Parallel Databases{(DPD)}},
	volume    = {31},
	number    = {2},
	pages     = {289--319},
	year      = {2013}
}

@inproceedings{Geomesa,
	title={Geomesa: a distributed architecture for spatio-temporal fusion},
	author={Hughes, James N and Annex, Andrew and Eichelberger, Christopher N and Fox, Anthony and Hulbert, Andrew and Ronquest, Michael},
	booktitle={SPIE Defense+ Security},
	pages={94730F--94730F},
	year={2015}
}

@inproceedings{SpatialSpark,
	author    = {Simin You and
	Jianting Zhang and
	Le Gruenwald},
	title     = {Large-scale spatial join query processing in Cloud},
	booktitle = {Proceedings of the 31st {IEEE} International Conference on Data Engineering{(ICDE)} Workshops  },
	pages     = {34--41},
	year      = {2015}
}

@inproceedings{GeoSpark,
	author    = {Jia Yu and
	Jinxuan Wu and
	Mohamed Sarwat},
	title     = {GeoSpark: a cluster computing framework for processing large-scale spatial data},
	booktitle = {Proceedings of the 23rd International Conference on Advances in Geographic Information Systems	{(SIGSPATIAL)} },
	pages     = {70:1--70:4},
	year      = {2015}
}

@article{Locationspark,
	title={Locationspark: a distributed in-memory data management system for big spatial data},
	author={Tang, Mingjie and Yu, Yongyang and Malluhi, Qutaibah M and Ouzzani, Mourad and Aref, Walid G},
	journal={Procedings of the 42nd International Conference on Very Large Data Bases{(PVLDB)}},
	volume={9},
	number={13},
	pages={1565--1568},
	year={2016}
}


@inproceedings{STORM,
	title={STORM: Spatio-Temporal Online Reasoning and Management of Large Spatio-Temporal Data},
	author={Christensen, Robert and Wang, Lu and Li, Feifei and Yi, Ke and Tang, Jun and Villa, Natalee},
	booktitle={ Proceedings of the 2015  {ACM}  International Conference on	Management of Data {(SIGMOD)}},
	pages={1111--1116},
	year={2015},
	organization={ACM}
}

@article{OceanST,
	author    = {Yuan, Mingxuan and Deng, Ke and Zeng, Jia and Li, Yanhua and Ni, Bing and He, Xiuqiang and Wang, Fei and Dai, Wenyuan and Yang, Qiang},
	
	title	={OceanST: a distributed analytic system for large-scale spatiotemporal mobile broadband data},
	journal   = {Procedings of the 40th International Conference on Very Large Data Bases{(PVLDB)}},
	volume    = {7},
	number    = {1561-1564},
	year	=	{2014}
}


@inproceedings{Simba,
	author    = {Dong Xie and
	Feifei Li and
	Bin Yao and
	Gefei Li and
	Liang Zhou and
	Minyi Guo},
	title     = {Simba: Efficient In-Memory Spatial Analytics},
	booktitle = { Proceedings of the 2016  {ACM}  International Conference on	Management of Data {(SIGMOD)}},
	pages     = {1071--1085},
	year      = {2016},
}


@article{LeeWave,
	title={LeeWave: level-wise distribution of wavelet coefficients for processing kNN queries over distributed streams},
	author={Yeh, Mi Yen and Wu, Kun Lung and Yu, Philip S. and Chen, Ming Syan},
	journal={Procedings of the 34th International Conference on Very Large Data Bases{(PVLDB)}},
	volume={1},
	number={1},
	pages={586-597},
	year={2008},
}


@inproceedings{GowanlockC14,
	author    = {Michael G. Gowanlock and
	Henri Casanova},
	title     = {Distance threshold similarity searches on spatiotemporal trajectories
	using {GPGPU}},
	booktitle = {Proceedings of the 21st International Conference on High Performance Computing{(HiPC)}},
	pages     = {1--10},
	year      = {2014}
}

@inproceedings{Zhang2012U2STRA,
	title={U2STRA:high-performance data management of ubiquitous urban sensing trajectories on GPGPUs},
	author={Zhang, Jianting and You, Simin and Le, Gruenwald},
	booktitle = {Proceedings of the 2012 ACM Workshop on  City Data Management Workshop{(CDMW)}},
	pages={5-12},
	year={2012}
}

@inproceedings{LealGZY15,
	author    = {Eleazar Leal and
	Le Gruenwald and
	Jianting Zhang and
	Simin You},
	title     = {TKSimGPU: {A} parallel top-K trajectory similarity query processing algorithm for GPGPUs},
	booktitle = {Proceedings of the  2015 {IEEE} International Conference on Big Data {(ICBD)}},
	pages     = {461--469},
	year      = {2015}
}

@inproceedings{LealGZY16,
	author    = {Eleazar Leal and
	Le Gruenwald and
	Jianting Zhang and
	Simin You},
	title     = {Towards an Efficient Top-K Trajectory Similarity Query Processing Algorithm for Big Trajectory Data on GPGPUs},
	booktitle = {Proceedings of the 2016 {IEEE} International Conference on Big Data {(ICBD)}},
	pages     = {206--213},
	year      = {2016}
}

@inproceedings{KashyapK11,
	author    = {Shrikant Kashyap and
	Panagiotis Karras},
	title     = {Scalable kNN search on vertically stored time series},
	booktitle = {Proceedings of the 17th {ACM} International Conference on	Knowledge Discovery and Data Mining {SIGKDD} },
	pages     = {1334--1342},
	year      = {2011}
}


@inproceedings{MDTK,
	author    = {Zhigang Zhang and
	Jiali Mao and
	Cheqing Jin and
	Aoying Zhou},
	title     = {MDTK: Bandwidth-saving Framework for Distributed Top-k Similar Trajectory Query},
	booktitle = {Proceedings of the 23r International Conference onDatabase Systems for Advanced Applications {(DASFAA)}, Part{I}},
	pages     = {199--214},
	year      = {2017}
}

@inproceedings{ChenSZZX10,
	author    = {Zaiben Chen and
	Heng Tao Shen and
	Xiaofang Zhou and
	Yu Zheng and
	Xing Xie},
	title     = {Searching trajectories by locations: an efficiency study},
	booktitle = {Proceedings of the {ACM} {SIGMOD} International Conference on Management of Data {(SIGMOD)} },
	pages     = {255--266},
	year      = {2010}
}

@inproceedings{WangBCSSQ17,
	author    = {Sheng Wang and
	Zhifeng Bao and
	J. Shane Culpepper and
	Timos Sellis and
	Mark Sanderson and
	Xiaolin Qin},
	title     = {Answering Top-k Exemplar Trajectory Queries},
	booktitle = {33rd {IEEE} International Conference on Data Engineering, {ICDE} 2017,
	San Diego, CA, USA, April 19-22, 2017},
	pages     = {597--608},
	year      = {2017}
}
